@online{crash,
  author = {Changyu Dong},
  title = {Math in Network Security: A Crash Course},
  url = {https://www.doc.ic.ac.uk/~mrh/330tutor/},
}

@inproceedings{gura2004comparing,
  title={Comparing elliptic curve cryptography and RSA on 8-bit CPUs},
  author={Gura, Nils and Patel, Arun and Wander, Arvinderpal and Eberle, Hans and Shantz, Sheueling Chang},
  organization={Springer}
}

@article{certicom2000sec,
  title={Sec 2: Recommended elliptic curve domain parameters},
  author={Certicom, Standardsfor Efficient Cryptography},
  journal={Proceeding of Standards for Efficient Cryptography, Version},
  volume={1},
  year={2000}
}

@article{rescorla1999diffie,
  title={Diffie-hellman key agreement method},
  author={Rescorla, Eric},
  year={1999}
}

@article{rivest1978method,
  title={A method for obtaining digital signatures and public-key cryptosystems},
  author={Rivest, Ronald L and Shamir, Adi and Adleman, Leonard},
  journal={Communications of the ACM},
  volume={21},
  number={2},
  pages={120--126},
  year={1978},
  publisher={ACM}
}

@online{dig,
  title = {Understanding digital signatures},
  url = {https://www.docusign.com/how-it-works/electronic-signature/digital-signature/digital-signature-faq},
}

@article{bellare2000authenticated,
  title={Authenticated encryption: Relations among notions and analysis of the generic composition paradigm},
  author={Bellare, Mihir and Namprempre, Chanathip},
  journal={Advances in Cryptology—ASIACRYPT 2000},
  pages={531--545},
  year={2000},
  publisher={Springer}
}

@inproceedings{bellare1996keying,
  title={Keying hash functions for message authentication},
  author={Bellare, Mihir},
  organization={Springer}
}

@article{mcgrew2004galois,
  title={The Galois/counter mode of operation (GCM)},
  author={McGrew, David and Viega, John}
}

@online{ora,
  title = {Overview of Oracle Java ME Embedded Permissions},
  url = {http://docs.oracle.com/javame/8.1/me-dev-guide/security.htm},
}

@online{pre,
  title = {Intel Galileo Gen2Device I/O Preconfigured List},
  year = 2016,
  url = {https://docs.oracle.com/javame/8.3/get-started-galileo/device-i-o-preconfigured-list.htm},
  urldate = {2016-07-11}
}

@online{pre,
  title = {Oracle® Java ME Embedded Reference Platform Release Notes},
  url = {https://docs.oracle.com/javame/8.3/release-notes-galileo/toc.htm},
}

